ABNANL2A
940
ABNANL2A
:20:ABN AMRO BANK NV
:25:123456789
:28:13501/1
:60F:C120511EUR5138,61
:61:1205120514C500,01N654NONREF
987654321
:86:/TRTP/SEPA OVERBOEKING/IBAN/FR12345678901234/BIC/GEFRADAM
/NAME/QASD JGRED/REMI/Dit zijn de omschrijvingsregels/EREF/NOTPRO
VIDED
:61:1412051205RC15,67IDXXREF
DATA
:61:171214C15,67TIDXTEST//REFERENCE
:62F:C120514EUR5638,62
:86:/SUM/
